
@article{jones_impact_2018,
	title = {The Impact of the Earned Income Tax Credit on Household Finances},
	issn = {02768739},
	url = {https://eu.alma.exlibrisgroup.com/view/uresolver/44YORK_INST/openurl?ctx_enc=info:ofi/enc:UTF-8&ctx_id=10_1&ctx_tim=2024-02-22T17%3A53%3A01IST&ctx_ver=Z39.88-2004&url_ctx_fmt=info:ofi/fmt:kev:mtx:ctx&url_ver=Z39.88-2004&rfr_id=info:sid/primo.exlibrisgroup.com-jstor_proqu&rft_val_fmt=info:ofi/fmt:kev:mtx:journal&rft.genre=article&rft.atitle=The%20Impact%20of%20the%20Earned%20Income%20Tax%20Credit%20on%20Household%20Finances&rft.jtitle=Journal%20of%20policy%20analysis%20and%20management&rft.au=Jones,%20Lauren%20E.&rft.date=2018-07-01&rft.volume=37&rft.issue=3&rft.spage=521&rft.epage=545&rft.pages=521-545&rft.issn=0276-8739&rft.eissn=1520-6688&rft_id=info:doi/10.1002/pam.22062&rft.pub=Wiley%20Periodicals,%20Inc&rft.place=HOBOKEN&rft.stitle=J%20POLICY%20ANAL%20MANAG&rft_id=info:bibcode/&rft_id=info:hdl/&rft_id=info:lccn/&rft_id=info:oclcnum/&rft_id=info:pmid/&rft_id=info:eric/&rft_dat=%3Cjstor_proqu%3E45105292%3C/jstor_proqu%3E%3Curl%3E%3C/url%3E,language=eng,view=44YORK-NUI&svc_dat=viewit&req.skin=44YORK-NUI&rft_pqid=2209684162},
	doi = {10.1002/pam.22062},
	pages = {521--545},
	number = {3},
	journaltitle = {Journal of policy analysis and management},
	author = {Jones, Lauren E. and Michelmore, Katherine},
	date = {2018},
	note = {Place: {HOBOKEN}
Publisher: Wiley Periodicals, Inc},
}

@article{bleakley_shocking_2016,
	title = {{SHOCKING} {BEHAVIOR}: {RANDOM} {WEALTH} {IN} {ANTEBELLUM} {GEORGIA} {AND} {HUMAN} {CAPITAL} {ACROSS} {GENERATIONS}},
	issn = {00335533},
	url = {https://eu.alma.exlibrisgroup.com/view/uresolver/44YORK_INST/openurl?ctx_enc=info:ofi/enc:UTF-8&ctx_id=10_1&ctx_tim=2025-02-10+17:48:58&ctx_ver=Z39.88-2004&url_ctx_fmt=info:ofi/fmt:kev:mtx:ctx&url_ver=Z39.88-2004&rfr_id=info:sid/primo.exlibrisgroup.com-jstor_proqu&rft_val_fmt=info:ofi/fmt:kev:mtx:journal&rft.genre=article&rft.atitle=SHOCKING+BEHAVIOR%3A+RANDOM+WEALTH+IN+ANTEBELLUM+GEORGIA+AND+HUMAN+CAPITAL+ACROSS+GENERATIONS&rft.jtitle=The+Quarterly+journal+of+economics&rft.au=Bleakley%2C+Hoyt&rft.date=2016-08-01&rft.volume=131&rft.issue=3&rft.spage=1455&rft.epage=1496&rft.pages=1455-1496&rft.issn=0033-5533&rft.eissn=1531-4650&rft.coden=QJECAT&rft_id=info:doi/10.1093%2Fqje%2Fqjw014&rft.pub=Oxford+University+Press&rft.place=CARY&rft.stitle=Q+J+ECON&rft_id=info:pmid/28529385&rft_dat=26372668&svc_dat=viewit&rft_pqid=1811288619&rft_jstor_id=26372668},
	doi = {10.1093/qje/qjw014},
	pages = {1455--1496},
	number = {3},
	journaltitle = {The Quarterly journal of economics},
	author = {Bleakley, Hoyt and Ferrie, Joseph},
	date = {2016},
	note = {Place: {CARY}
Publisher: Oxford University Press},
}

@article{sacerdote_how_2007,
	title = {How large are the effects from changes in family environment?: A study of Korean American adoptees},
	issn = {00335533},
	url = {https://eu.alma.exlibrisgroup.com/view/uresolver/44YORK_INST/openurl?ctx_enc=info:ofi/enc:UTF-8&ctx_id=10_1&ctx_tim=2024-02-22T17%3A54%3A36IST&ctx_ver=Z39.88-2004&url_ctx_fmt=info:ofi/fmt:kev:mtx:ctx&url_ver=Z39.88-2004&rfr_id=info:sid/primo.exlibrisgroup.com-gale_cross&rft_val_fmt=info:ofi/fmt:kev:mtx:journal&rft.genre=article&rft.atitle=How%20large%20are%20the%20effects%20from%20changes%20in%20family%20environment?:%20A%20study%20of%20Korean%20American%20adoptees&rft.jtitle=The%20Quarterly%20journal%20of%20economics&rft.au=Sacerdote,%20Bruce&rft.date=2007-02-01&rft.volume=122&rft.issue=1&rft.spage=119&rft.epage=157&rft.pages=119-157&rft.issn=0033-5533&rft.eissn=1531-4650&rft.coden=QJECAT&rft_id=info:doi/10.1162/qjec.122.1.119&rft.pub=MIT%20Press&rft.place=CARY&rft.stitle=The%20Quarterly%20Journal%20of%20Economics&rft_id=info:bibcode/&rft_id=info:hdl/&rft_id=info:lccn/&rft_id=info:oclcnum/&rft_id=info:pmid/&rft_id=info:eric/&rft_dat=%3Cgale_cross%3EA160456772%3C/gale_cross%3E%3Curl%3E%3C/url%3E,language=eng,view=44YORK-NUI&svc_dat=viewit&req.skin=44YORK-NUI&rft_pqid=210998528&rft_galeid=A160456772},
	doi = {10.1162/qjec.122.1.119},
	pages = {119--157},
	number = {1},
	journaltitle = {The Quarterly journal of economics},
	author = {Sacerdote, Bruce},
	date = {2007},
	note = {Place: {CARY}
Publisher: {MIT} Press},
}

@article{noauthor_earned_2013,
	title = {The Earned Income Tax Credit and Food Consumption Patterns},
	issn = {15565068},
	url = {https://www.econstor.eu/bitstream/10419/96640/1/773868097.pdf},
	doi = {10.2139/ssrn.2366846},
	journaltitle = {Social Science Research Network},
	date = {2013},
	note = {Publisher: Social Science Electronic Publishing},
}

@article{jones_child_2019,
	title = {Child cash benefits and family expenditures: Evidence from the National Child Benefit},
	issn = {00084085},
	url = {https://eu.alma.exlibrisgroup.com/view/uresolver/44YORK_INST/openurl?ctx_enc=info:ofi/enc:UTF-8&ctx_id=10_1&ctx_tim=2024-02-22T17%3A53%3A25IST&ctx_ver=Z39.88-2004&url_ctx_fmt=info:ofi/fmt:kev:mtx:ctx&url_ver=Z39.88-2004&rfr_id=info:sid/primo.exlibrisgroup.com-jstor_proqu&rft_val_fmt=info:ofi/fmt:kev:mtx:journal&rft.genre=article&rft.atitle=Child%20cash%20benefits%20and%20family%20expenditures:%20Evidence%20from%20the%20National%20Child%20Benefit&rft.jtitle=The%20Canadian%20journal%20of%20economics&rft.au=Jones,%20Lauren%20E.&rft.date=2019-11-01&rft.volume=52&rft.issue=4&rft.spage=1433&rft.epage=1463&rft.pages=1433-1463&rft.issn=0008-4085&rft.eissn=1540-5982&rft_id=info:doi/10.1111/caje.12409&rft.pub=Wiley&rft.place=HOBOKEN&rft.stitle=CAN%20J%20ECON&rft_id=info:bibcode/&rft_id=info:hdl/&rft_id=info:lccn/&rft_id=info:oclcnum/&rft_id=info:pmid/&rft_id=info:eric/&rft_dat=%3Cjstor_proqu%3E48582092%3C/jstor_proqu%3E%3Curl%3E%3C/url%3E,language=eng,view=44YORK-NUI&svc_dat=viewit&req.skin=44YORK-NUI&rft_pqid=2352601122},
	doi = {10.1111/caje.12409},
	pages = {1433--1463},
	number = {4},
	journaltitle = {The Canadian journal of economics},
	author = {Jones, Lauren E. and Milligan, Kevin and Stabile, Mark},
	date = {2019},
	note = {Place: {HOBOKEN}
Publisher: Wiley},
}

@article{hoynes_income_2015,
	title = {Income, the Earned Income Tax Credit, and Infant Health},
	issn = {19457731},
	url = {https://eu.alma.exlibrisgroup.com/view/uresolver/44YORK_INST/openurl?ctx_enc=info:ofi/enc:UTF-8&ctx_id=10_1&ctx_tim=2024-02-22T17%3A52%3A41IST&ctx_ver=Z39.88-2004&url_ctx_fmt=info:ofi/fmt:kev:mtx:ctx&url_ver=Z39.88-2004&rfr_id=info:sid/primo.exlibrisgroup.com-jstor_webof&rft_val_fmt=info:ofi/fmt:kev:mtx:journal&rft.genre=article&rft.atitle=Income,%20the%20Earned%20Income%20Tax%20Credit,%20and%20Infant%20Health&rft.jtitle=American%20economic%20journal.%20Economic%20policy&rft.au=Hoynes,%20Hilary&rft.date=2015-02-01&rft.volume=7&rft.issue=1&rft.spage=172&rft.epage=211&rft.pages=172-211&rft.issn=1945-7731&rft.eissn=1945-774X&rft_id=info:doi/10.1257/pol.20120179&rft.pub=American%20Economic%20Association&rft.place=NASHVILLE&rft.stitle=AM%20ECON%20J-ECON%20POLIC&rft_id=info:bibcode/&rft_id=info:hdl/&rft_id=info:lccn/&rft_id=info:oclcnum/&rft_id=info:pmid/&rft_id=info:eric/&rft_dat=%3Cjstor_webof%3E24465947%3C/jstor_webof%3E%3Curl%3E%3C/url%3E,language=eng,view=44YORK-NUI&svc_dat=viewit&req.skin=44YORK-NUI&rft_pqid=1649152140},
	doi = {10.1257/pol.20120179},
	pages = {172--211},
	number = {1},
	journaltitle = {American economic journal. Economic policy},
	author = {Hoynes, Hilary and Miller, Doug and Simon, David},
	date = {2015},
	note = {Place: {NASHVILLE}
Publisher: American Economic Association},
}

@article{havnes_no_2011,
	title = {No child left behind: Subsidized child care and children's long-run outcomes},
	issn = {1945774X},
	url = {https://eu.alma.exlibrisgroup.com/view/uresolver/44YORK_INST/openurl?ctx_enc=info:ofi/enc:UTF-8&ctx_id=10_1&ctx_tim=2024-02-22T17%3A52%3A20IST&ctx_ver=Z39.88-2004&url_ctx_fmt=info:ofi/fmt:kev:mtx:ctx&url_ver=Z39.88-2004&rfr_id=info:sid/primo.exlibrisgroup.com-jstor_webof&rft_val_fmt=info:ofi/fmt:kev:mtx:journal&rft.genre=article&rft.atitle=No%20child%20left%20behind:%20Subsidized%20child%20care%20and%20children%27s%20long-run%20outcomes&rft.jtitle=American%20economic%20journal.%20Economic%20policy&rft.au=Havnes,%20Tarjei&rft.date=2011-05-01&rft.volume=3&rft.issue=2&rft.spage=97&rft.epage=129&rft.pages=97-129&rft.issn=1945-774X&rft.eissn=1945-774X&rft_id=info:doi/10.1257/pol.3.2.97&rft.pub=American%20Economic%20Association&rft.place=NASHVILLE&rft.stitle=AM%20ECON%20J-ECON%20POLIC&rft_id=info:bibcode/&rft_id=info:hdl/&rft_id=info:lccn/&rft_id=info:oclcnum/&rft_id=info:pmid/&rft_id=info:eric/&rft_dat=%3Cjstor_webof%3E41238095%3C/jstor_webof%3E%3Curl%3E%3C/url%3E,language=eng,view=44YORK-NUI&svc_dat=viewit&req.skin=44YORK-NUI&rft_pqid=872053417},
	doi = {10.1257/pol.3.2.97},
	pages = {97--129},
	number = {2},
	journaltitle = {American economic journal. Economic policy},
	author = {Havnes, Tarjei and Mogstad, Magne},
	date = {2011},
	note = {Place: {NASHVILLE}
Publisher: American Economic Association},
}

@article{gregg_family_2006,
	title = {Family expenditures post-welfare reform in the {UK}: Are low-income families starting to catch up?},
	issn = {09275371},
	url = {https://eu.alma.exlibrisgroup.com/view/uresolver/44YORK_INST/openurl?ctx_enc=info:ofi/enc:UTF-8&ctx_id=10_1&ctx_tim=2024-03-07T11%3A22%3A01IST&ctx_ver=Z39.88-2004&url_ctx_fmt=info:ofi/fmt:kev:mtx:ctx&url_ver=Z39.88-2004&rfr_id=info:sid/primo.exlibrisgroup.com-proquest_opena&rft_val_fmt=info:ofi/fmt:kev:mtx:journal&rft.genre=article&rft.atitle=Family%20expenditures%20post-welfare%20reform%20in%20the%20UK:%20Are%20low-income%20families%20starting%20to%20catch%20up?&rft.jtitle=Labour%20economics&rft.au=Gregg,%20Paul&rft.date=2006-12-01&rft.volume=13&rft.issue=6&rft.spage=721&rft.epage=746&rft.pages=721-746&rft.issn=0927-5371&rft.eissn=1879-1034&rft_id=info:doi/10.1016/j.labeco.2005.10.002&rft.pub=Elsevier%20B.V&rft.place=AMSTERDAM&rft.stitle=LABOUR%20ECON&rft_id=info:bibcode/&rft_id=info:hdl/&rft_id=info:lccn/&rft_id=info:oclcnum/&rft_id=info:pmid/&rft_id=info:eric/&rft_dat=%3Cproquest_opena%3E56719932%3C/proquest_opena%3E%3Curl%3E%3C/url%3E,language=eng,view=44YORK-NUI&svc_dat=viewit&req.skin=44YORK-NUI&rft_pqid=56719932},
	doi = {10.1016/j.labeco.2005.10.002},
	pages = {721--746},
	number = {6},
	journaltitle = {Labour economics},
	author = {Gregg, Paul and Waldfogel, Jane and Washbrook, Elizabeth},
	date = {2006},
	note = {Place: {AMSTERDAM}
Publisher: Elsevier B.V},
}

@article{evans_giving_2014,
	title = {Giving Mom a Break: The Impact of Higher {EITC} Payments on Maternal Health},
	issn = {19457731},
	url = {https://eu.alma.exlibrisgroup.com/view/uresolver/44YORK_INST/openurl?ctx_enc=info:ofi/enc:UTF-8&ctx_id=10_1&ctx_tim=2024-02-22T17%3A51%3A28IST&ctx_ver=Z39.88-2004&url_ctx_fmt=info:ofi/fmt:kev:mtx:ctx&url_ver=Z39.88-2004&rfr_id=info:sid/primo.exlibrisgroup.com-jstor_scopu&rft_val_fmt=info:ofi/fmt:kev:mtx:journal&rft.genre=article&rft.atitle=Giving%20Mom%20a%20Break:%20The%20Impact%20of%20Higher%20EITC%20Payments%20on%20Maternal%20Health&rft.jtitle=American%20economic%20journal.%20Economic%20policy&rft.au=Evans,%20William%20N.&rft.date=2014-05-01&rft.volume=6&rft.issue=2&rft.spage=258&rft.epage=290&rft.pages=258-290&rft.issn=1945-7731&rft.eissn=1945-774X&rft_id=info:doi/10.1257/pol.6.2.258&rft.pub=American%20Economic%20Association&rft.place=NASHVILLE&rft.stitle=AM%20ECON%20J-ECON%20POLIC&rft_id=info:bibcode/&rft_id=info:hdl/&rft_id=info:lccn/&rft_id=info:oclcnum/&rft_id=info:pmid/&rft_id=info:eric/&rft_dat=%3Cjstor_scopu%3E43189385%3C/jstor_scopu%3E%3Curl%3E%3C/url%3E,language=eng,view=44YORK-NUI&svc_dat=viewit&req.skin=44YORK-NUI&rft_pqid=1519977083},
	doi = {10.1257/pol.6.2.258},
	pages = {258--290},
	number = {2},
	journaltitle = {American economic journal. Economic policy},
	author = {Evans, William N. and Garthwaite, Craig L.},
	date = {2014},
	note = {Place: {NASHVILLE}
Publisher: American Economic Association},
}

@article{dahl_impact_2012,
	title = {The Impact of Family Income on Child Achievement: Evidence from the Earned Income Tax Credit},
	issn = {00028282},
	url = {https://eu.alma.exlibrisgroup.com/view/uresolver/44YORK_INST/openurl?ctx_enc=info:ofi/enc:UTF-8&ctx_id=10_1&ctx_tim=2024-02-22T17%3A50%3A57IST&ctx_ver=Z39.88-2004&url_ctx_fmt=info:ofi/fmt:kev:mtx:ctx&url_ver=Z39.88-2004&rfr_id=info:sid/primo.exlibrisgroup.com-gale_scopu&rft_val_fmt=info:ofi/fmt:kev:mtx:journal&rft.genre=article&rft.atitle=The%20Impact%20of%20Family%20Income%20on%20Child%20Achievement:%20Evidence%20from%20the%20Earned%20Income%20Tax%20Credit&rft.jtitle=The%20American%20economic%20review&rft.au=Dahl,%20Gordon%20B.&rft.date=2012-08-01&rft.volume=102&rft.issue=5&rft.spage=1927&rft.epage=1956&rft.pages=1927-1956&rft.issn=0002-8282&rft.eissn=1944-7981&rft.coden=AENRAA&rft_id=info:doi/10.1257/aer.102.5.1927&rft.pub=American%20Economic%20Association&rft.place=NASHVILLE&rft.stitle=AM%20ECON%20REV&rft_id=info:bibcode/&rft_id=info:hdl/&rft_id=info:lccn/&rft_id=info:oclcnum/&rft_id=info:pmid/&rft_id=info:eric/&rft_dat=%3Cgale_scopu%3EA333158534%3C/gale_scopu%3E%3Curl%3E%3C/url%3E,language=eng,view=44YORK-NUI&svc_dat=viewit&req.skin=44YORK-NUI&rft_pqid=1034418121&rft_galeid=A333158534},
	doi = {10.1257/aer.102.5.1927},
	pages = {1927--1956},
	number = {5},
	journaltitle = {The American economic review},
	author = {Dahl, Gordon B. and Lochner, Lance},
	date = {2012},
	note = {Place: {NASHVILLE}
Publisher: American Economic Association},
}

@article{bjorklund_origins_2006,
	title = {The Origins of Intergenerational Associations: Lessons from Swedish Adoption Data},
	issn = {00335533},
	url = {https://eu.alma.exlibrisgroup.com/view/uresolver/44YORK_INST/openurl?ctx_enc=info:ofi/enc:UTF-8&ctx_id=10_1&ctx_tim=2024-02-22T17%3A50%3A03IST&ctx_ver=Z39.88-2004&url_ctx_fmt=info:ofi/fmt:kev:mtx:ctx&url_ver=Z39.88-2004&rfr_id=info:sid/primo.exlibrisgroup.com-gale_proqu&rft_val_fmt=info:ofi/fmt:kev:mtx:journal&rft.genre=article&rft.atitle=The%20Origins%20of%20Intergenerational%20Associations:%20Lessons%20from%20Swedish%20Adoption%20Data&rft.jtitle=The%20Quarterly%20journal%20of%20economics&rft.au=Bj%C3%B6rklund,%20Anders&rft.date=2006-08-01&rft.volume=121&rft.issue=3&rft.spage=999&rft.epage=1028&rft.pages=999-1028&rft.issn=0033-5533&rft.eissn=1531-4650&rft.coden=QJECAT&rft_id=info:doi/10.1162/qjec.121.3.999&rft.pub=MIT%20Press&rft.place=CARY&rft.stitle=The%20Quarterly%20Journal%20of%20Economics&rft_id=info:bibcode/&rft_id=info:hdl/&rft_id=info:lccn/&rft_id=info:oclcnum/&rft_id=info:pmid/&rft_id=info:eric/&rft_dat=%3Cgale_proqu%3EA150049390%3C/gale_proqu%3E%3Curl%3E%3C/url%3E,language=eng,view=44YORK-NUI&svc_dat=viewit&req.skin=44YORK-NUI&rft_pqid=210997794&rft_galeid=A150049390},
	doi = {10.1162/qjec.121.3.999},
	pages = {999--1028},
	number = {3},
	journaltitle = {The Quarterly journal of economics},
	author = {Björklund, Anders and Lindahl, Mikael and Plug, Erik},
	date = {2006},
	note = {Place: {CARY}
Publisher: {MIT} Press},
}

@article{bastian_long-term_2018,
	title = {The long-term impact of the earned income tax credit on children's education and employment outcomes},
	issn = {0734306X},
	url = {https://eu.alma.exlibrisgroup.com/view/uresolver/44YORK_INST/openurl?ctx_enc=info:ofi/enc:UTF-8&ctx_id=10_1&ctx_tim=2024-02-22T17%3A47%3A59IST&ctx_ver=Z39.88-2004&url_ctx_fmt=info:ofi/fmt:kev:mtx:ctx&url_ver=Z39.88-2004&rfr_id=info:sid/primo.exlibrisgroup.com-gale_webof&rft_val_fmt=info:ofi/fmt:kev:mtx:journal&rft.genre=article&rft.atitle=The%20long-term%20impact%20of%20the%20earned%20income%20tax%20credit%20on%20children%27s%20education%20and%20employment%20outcomes&rft.jtitle=Journal%20of%20labor%20economics&rft.au=Bastian,%20Jacob&rft.date=2018-10-01&rft.volume=36&rft.issue=4&rft.spage=1127&rft.epage=1163&rft.pages=1127-1163&rft.issn=0734-306X&rft.eissn=1537-5307&rft_id=info:doi/10.1086/697477&rft.pub=The%20University%20of%20Chicago%20Press&rft.place=CHICAGO&rft.stitle=J%20LABOR%20ECON&rft_id=info:bibcode/&rft_id=info:hdl/&rft_id=info:lccn/&rft_id=info:oclcnum/&rft_id=info:pmid/&rft_id=info:eric/&rft_dat=%3Cgale_webof%3EA557705410%3C/gale_webof%3E%3Curl%3E%3C/url%3E,language=eng,view=44YORK-NUI&svc_dat=viewit&req.skin=44YORK-NUI&rft_pqid=2123182324&rft_galeid=A557705410},
	doi = {10.1086/697477},
	pages = {1127--1163},
	number = {4},
	journaltitle = {Journal of labor economics},
	author = {Bastian, Jacob and Michelmore, Katherine},
	date = {2018},
	note = {Place: {CHICAGO}
Publisher: The University of Chicago Press},
}

@article{akee_young_2013,
	title = {Young Adult Obesity and Household Income: Effects of Unconditional Cash Transfers},
	issn = {19457782},
	url = {https://eu.alma.exlibrisgroup.com/view/uresolver/44YORK_INST/openurl?ctx_enc=info:ofi/enc:UTF-8&ctx_id=10_1&ctx_tim=2024-02-22T17%3A47%3A34IST&ctx_ver=Z39.88-2004&url_ctx_fmt=info:ofi/fmt:kev:mtx:ctx&url_ver=Z39.88-2004&rfr_id=info:sid/primo.exlibrisgroup.com-jstor_proqu&rft_val_fmt=info:ofi/fmt:kev:mtx:journal&rft.genre=article&rft.atitle=Young%20Adult%20Obesity%20and%20Household%20Income:%20Effects%20of%20Unconditional%20Cash%20Transfers&rft.jtitle=American%20economic%20journal.%20Applied%20economics&rft.au=Akee,%20Randall&rft.date=2013-04-01&rft.volume=5&rft.issue=2&rft.spage=1&rft.epage=28&rft.pages=1-28&rft.issn=1945-7782&rft.eissn=1945-7790&rft_id=info:doi/10.1257/app.5.2.1&rft.pub=American%20Economic%20Association&rft.place=NASHVILLE&rft.stitle=AM%20ECON%20J-APPL%20ECON&rft_id=info:bibcode/&rft_id=info:hdl/&rft_id=info:lccn/&rft_id=info:oclcnum/&rft_id=info:pmid/24707346&rft_id=info:eric/&rft_dat=%3Cjstor_proqu%3E43189428%3C/jstor_proqu%3E%3Curl%3E%3C/url%3E,language=eng,view=44YORK-NUI&svc_dat=viewit&req.skin=44YORK-NUI&rft_pqid=1321139194},
	doi = {10.1257/app.5.2.1},
	pages = {1--28},
	number = {2},
	journaltitle = {American economic journal. Applied economics},
	author = {Akee, Randall and Simeonova, Emilia and Copeland, William and Angold, Adrian and Costello, E. Jane},
	date = {2013},
	note = {Place: {NASHVILLE}
Publisher: American Economic Association},
}

@article{akee_parents_2010,
	title = {Parents' incomes and children's outcomes: A quasi-experiment using transfer payments from casino profits},
	issn = {19457790},
	url = {https://eu.alma.exlibrisgroup.com/view/uresolver/44YORK_INST/openurl?ctx_enc=info:ofi/enc:UTF-8&ctx_id=10_1&ctx_tim=2024-02-22T17%3A46%3A27IST&ctx_ver=Z39.88-2004&url_ctx_fmt=info:ofi/fmt:kev:mtx:ctx&url_ver=Z39.88-2004&rfr_id=info:sid/primo.exlibrisgroup.com-jstor_webof&rft_val_fmt=info:ofi/fmt:kev:mtx:journal&rft.genre=article&rft.atitle=Parents%27%20incomes%20and%20children%27s%20outcomes:%20A%20quasi-experiment%20using%20transfer%20payments%20from%20casino%20profits&rft.jtitle=American%20economic%20journal.%20Applied%20economics&rft.au=Akee,%20Randall%20K.%20Q&rft.date=2010&rft.volume=2&rft.issue=1&rft.spage=86&rft.epage=115&rft.pages=86-115&rft.issn=1945-7790&rft.eissn=1945-7790&rft_id=info:doi/10.1257/app.2.1.86&rft.pub=American%20Economic%20Association&rft.place=NASHVILLE&rft.stitle=AM%20ECON%20J-APPL%20ECON&rft_id=info:bibcode/&rft_id=info:hdl/&rft_id=info:lccn/&rft_id=info:oclcnum/&rft_id=info:pmid/20582231&rft_id=info:eric/&rft_dat=%3Cjstor_webof%3E25760194%3C/jstor_webof%3E%3Curl%3E%3C/url%3E,language=eng,view=44YORK-NUI&svc_dat=viewit&req.skin=44YORK-NUI&rft_pqid=871984504},
	doi = {10.1257/app.2.1.86},
	pages = {86--115},
	number = {1},
	journaltitle = {American economic journal. Applied economics},
	author = {Akee, Randall K. Q and Copeland, William E and Keeler, Gordon and Angold, Adrian and Costello, E. Jane},
	date = {2010},
	note = {Place: {NASHVILLE}
Publisher: American Economic Association},
}

@article{carneiro_intergenerational_2021,
	title = {Intergenerational Mobility and the Timing of Parental Income},
	issn = {00223808},
	url = {https://eu.alma.exlibrisgroup.com/view/uresolver/44YORK_INST/openurl?ctx_enc=info:ofi/enc:UTF-8&ctx_id=10_1&ctx_tim=2024-02-22T17%3A50%3A30IST&ctx_ver=Z39.88-2004&url_ctx_fmt=info:ofi/fmt:kev:mtx:ctx&url_ver=Z39.88-2004&rfr_id=info:sid/primo.exlibrisgroup.com-proquest_scopu&rft_val_fmt=info:ofi/fmt:kev:mtx:journal&rft.genre=article&rft.atitle=Intergenerational%20Mobility%20and%20the%20Timing%20of%20Parental%20Income&rft.jtitle=The%20Journal%20of%20political%20economy&rft.au=Carneiro,%20Pedro&rft.date=2021-03-01&rft.volume=129&rft.issue=3&rft.spage=757&rft.epage=788&rft.pages=757-788&rft.issn=0022-3808&rft.eissn=1537-534X&rft_id=info:doi/10.1086/712443&rft.pub=The%20University%20of%20Chicago%20Press&rft.place=CHICAGO&rft.stitle=J%20POLIT%20ECON&rft_id=info:bibcode/&rft_id=info:hdl/&rft_id=info:lccn/&rft_id=info:oclcnum/&rft_id=info:pmid/&rft_id=info:eric/&rft_dat=%3Cproquest_scopu%3E2535776383%3C/proquest_scopu%3E%3Curl%3E%3C/url%3E,language=eng,view=44YORK-NUI&svc_dat=viewit&req.skin=44YORK-NUI&rft_pqid=2497445427},
	doi = {10.1086/712443},
	pages = {757--788},
	number = {3},
	journaltitle = {The Journal of political economy},
	author = {Carneiro, Pedro and García, Italo López and Salvanes, Kjell G. and Tominey, Emma},
	date = {2021},
	note = {Place: {CHICAGO}
Publisher: The University of Chicago Press},
}

@article{angrist_does_1991,
	title = {Does Compulsory School Attendance Affect Schooling and Earnings?},
	issn = {00335533},
	url = {https://eu.alma.exlibrisgroup.com/view/uresolver/44YORK_INST/openurl?ctx_enc=info:ofi/enc:UTF-8&ctx_id=10_1&ctx_tim=2025-02-10+17:50:10&ctx_ver=Z39.88-2004&url_ctx_fmt=info:ofi/fmt:kev:mtx:ctx&url_ver=Z39.88-2004&rfr_id=info:sid/primo.exlibrisgroup.com-jstor_cross&rft_val_fmt=info:ofi/fmt:kev:mtx:journal&rft.genre=article&rft.atitle=Does+Compulsory+School+Attendance+Affect+Schooling+and+Earnings%3F&rft.jtitle=The+Quarterly+journal+of+economics&rft.au=Angrist%2C+Joshua+D.&rft.date=1991-11-01&rft.volume=106&rft.issue=4&rft.spage=979&rft.epage=1014&rft.pages=979-1014&rft.issn=0033-5533&rft.eissn=1531-4650&rft.coden=QJECAT&rft_id=info:doi/10.2307%2F2937954&rft.pub=MIT+Press&rft.place=CAMBRIDGE&rft.stitle=Q+J+ECON&rft_dat=2937954&svc_dat=viewit&rft_pqid=1296879740&rft_jstor_id=2937954},
	doi = {10.2307/2937954},
	pages = {979--1014},
	number = {4},
	journaltitle = {The Quarterly journal of economics},
	author = {Angrist, Joshua D. and Keueger, Alan B.},
	date = {1991},
	note = {Place: {CAMBRIDGE}
Publisher: {MIT} Press},
}

@incollection{card_chapter_1999,
	title = {Chapter 30 The causal effect of education on earnings},
	volume = {3},
	isbn = {15734463},
	url = {https://eu.alma.exlibrisgroup.com/view/uresolver/44YORK_INST/openurl?ctx_enc=info:ofi/enc:UTF-8&ctx_id=10_1&ctx_tim=2025-02-10+17:50:32&ctx_ver=Z39.88-2004&url_ctx_fmt=info:ofi/fmt:kev:mtx:ctx&url_ver=Z39.88-2004&rfr_id=info:sid/primo.exlibrisgroup.com-elsevier_scopu&rft_val_fmt=info:ofi/fmt:kev:mtx:book&rft.genre=bookitem&rft.atitle=Chapter+30+The+causal+effect+of+education+on+earnings&rft.btitle=Handbook+of+Labor+Economics&rft.au=Card%2C+David&rft.date=1999&rft.volume=3&rft.issue=1&rft.spage=1801&rft.epage=1863&rft.pages=1801-1863&rft.issn=1573-4463&rft.isbn=9780444501875&rft_id=info:doi/10.1016%2FS1573-4463%2899%2903011-4&rft.pub=Elsevier+B.V&rft_dat=S1573446399030114&svc_dat=viewit},
	volumes = {1},
	pages = {1801--1863},
	booktitle = {Handbook of Labor Economics},
	publisher = {Elsevier B.V},
	author = {Card, David},
	date = {1999},
	doi = {10.1016/S1573-4463(99)03011-4},
}

@misc{mike_brewer_universal_0000,
	title = {Universal Credit: Welfare Reform and Mental Health},
	url = {https://docs.iza.org/dp15178.pdf},
	publisher = {{IZA} Institute of Labor Economics},
	author = {Mike Brewer, Emma Tominey, Thang Dang},
	date = {0000-03},
}

@article{macmillan_parental_2023,
	title = {Parental inputs and socio-economic gaps in early child development},
	issn = {09331433},
	url = {https://eu.alma.exlibrisgroup.com/view/uresolver/44YORK_INST/openurl?ctx_enc=info:ofi/enc:UTF-8&ctx_id=10_1&ctx_tim=2024-02-22T17%3A45%3A42IST&ctx_ver=Z39.88-2004&url_ctx_fmt=info:ofi/fmt:kev:mtx:ctx&url_ver=Z39.88-2004&rfr_id=info:sid/primo.exlibrisgroup.com-proquest_unpay&rft_val_fmt=info:ofi/fmt:kev:mtx:journal&rft.genre=article&rft.atitle=Parental%20inputs%20and%20socio-economic%20gaps%20in%20early%20child%20development&rft.jtitle=Journal%20of%20population%20economics&rft.au=Macmillan,%20Lindsey&rft.date=2023-07-01&rft.volume=36&rft.issue=3&rft.spage=1513&rft.epage=1543&rft.pages=1513-1543&rft.issn=0933-1433&rft.eissn=1432-1475&rft_id=info:doi/10.1007/s00148-022-00917-x&rft.pub=Springer%20Berlin%20Heidelberg&rft.place=Berlin/Heidelberg&rft.stitle=J%20Popul%20Econ&rft_id=info:bibcode/&rft_id=info:hdl/&rft_id=info:lccn/&rft_id=info:oclcnum/&rft_id=info:pmid/&rft_id=info:eric/&rft_dat=%3Cproquest_unpay%3E2817199886%3C/proquest_unpay%3E%3Curl%3E%3C/url%3E,language=eng,view=44YORK-NUI&svc_dat=viewit&req.skin=44YORK-NUI&rft_pqid=2817199886},
	doi = {10.1007/s00148-022-00917-x},
	pages = {1513--1543},
	number = {3},
	journaltitle = {Journal of population economics},
	author = {Macmillan, Lindsey and Tominey, Emma},
	date = {2023},
	note = {Place: Berlin/Heidelberg
Publisher: Springer Berlin Heidelberg},
}

@article{harmon_estimates_1995,
	title = {Estimates of the Economic Return to Schooling for the United Kingdom},
	issn = {00028282},
	url = {https://eu.alma.exlibrisgroup.com/view/uresolver/44YORK_INST/openurl?ctx_enc=info:ofi/enc:UTF-8&ctx_id=10_1&ctx_tim=2024-02-22T17%3A45%3A16IST&ctx_ver=Z39.88-2004&url_ctx_fmt=info:ofi/fmt:kev:mtx:ctx&url_ver=Z39.88-2004&rfr_id=info:sid/primo.exlibrisgroup.com-gale_jstor&rft_val_fmt=info:ofi/fmt:kev:mtx:journal&rft.genre=article&rft.atitle=Estimates%20of%20the%20Economic%20Return%20to%20Schooling%20for%20the%20United%20Kingdom&rft.jtitle=The%20American%20economic%20review&rft.au=Harmon,%20Colm&rft.date=1995-12-01&rft.volume=85&rft.issue=5&rft.spage=1278&rft.epage=1286&rft.pages=1278-1286&rft.issn=0002-8282&rft.eissn=1944-7981&rft.coden=AENRAA&rft_id=info:doi/&rft.pub=American%20Economic%20Association&rft.place=NASHVILLE&rft.stitle=AM%20ECON%20REV&rft_id=info:bibcode/&rft_id=info:hdl/&rft_id=info:lccn/&rft_id=info:oclcnum/&rft_id=info:pmid/&rft_id=info:eric/&rft_dat=%3Cgale_jstor%3EA18076843%3C/gale_jstor%3E%3Curl%3E%3C/url%3E,language=eng,view=44YORK-NUI&svc_dat=viewit&req.skin=44YORK-NUI&rft_pqid=233027284&rft_galeid=A18076843},
	pages = {1278--1286},
	number = {5},
	journaltitle = {The American economic review},
	author = {Harmon, Colm and Walker, Ian},
	date = {1995},
	note = {Place: {NASHVILLE}
Publisher: American Economic Association},
}


@article{borjas_economics_1994,
	title = {The Economics of Immigration},
	issn = {00220515},
	url = {https://eu.alma.exlibrisgroup.com/view/uresolver/44YORK_INST/openurl?ctx_enc=info:ofi/enc:UTF-8&ctx_id=10_1&ctx_tim=2024-02-22T18%3A07%3A42IST&ctx_ver=Z39.88-2004&url_ctx_fmt=info:ofi/fmt:kev:mtx:ctx&url_ver=Z39.88-2004&rfr_id=info:sid/primo.exlibrisgroup.com-gale_webof&rft_val_fmt=info:ofi/fmt:kev:mtx:journal&rft.genre=article&rft.atitle=The%20Economics%20of%20Immigration&rft.jtitle=Journal%20of%20economic%20literature&rft.au=Borjas,%20George%20J.&rft.date=1994-12-01&rft.volume=32&rft.issue=4&rft.spage=1667&rft.epage=1717&rft.pages=1667-1717&rft.issn=0022-0515&rft.eissn=2328-8175&rft.coden=JECLB3&rft_id=info:doi/&rft.pub=American%20Economic%20Association&rft.place=NASHVILLE&rft.stitle=J%20ECON%20LIT&rft_id=info:bibcode/&rft_id=info:hdl/&rft_id=info:lccn/&rft_id=info:oclcnum/&rft_id=info:pmid/&rft_id=info:eric/&rft_dat=%3Cgale_webof%3EA16572412%3C/gale_webof%3E%3Curl%3E%3C/url%3E,language=eng,view=44YORK-NUI&svc_dat=viewit&req.skin=44YORK-NUI&rft_pqid=213229250&rft_galeid=A16572412},
	pages = {1667--1717},
	number = {4},
	journaltitle = {Journal of economic literature},
	author = {Borjas, George J.},
	date = {1994},
	note = {Place: {NASHVILLE}
Publisher: American Economic Association},
}

@article{borjas_labor_2003,
	title = {The Labor Demand Curve is Downward Sloping: Reexamining the Impact of Immigration on the Labor Market},
	issn = {00335533},
	url = {https://eu.alma.exlibrisgroup.com/view/uresolver/44YORK_INST/openurl?ctx_enc=info:ofi/enc:UTF-8&ctx_id=10_1&ctx_tim=2024-02-22T18%3A08%3A19IST&ctx_ver=Z39.88-2004&url_ctx_fmt=info:ofi/fmt:kev:mtx:ctx&url_ver=Z39.88-2004&rfr_id=info:sid/primo.exlibrisgroup.com-gale_proqu&rft_val_fmt=info:ofi/fmt:kev:mtx:journal&rft.genre=article&rft.atitle=The%20Labor%20Demand%20Curve%20is%20Downward%20Sloping:%20Reexamining%20the%20Impact%20of%20Immigration%20on%20the%20Labor%20Market&rft.jtitle=The%20Quarterly%20journal%20of%20economics&rft.au=Borjas,%20George%20J.&rft.date=2003-11&rft.volume=118&rft.issue=4&rft.spage=1335&rft.epage=1374&rft.pages=1335-1374&rft.issn=0033-5533&rft.eissn=1531-4650&rft.coden=QJECAT&rft_id=info:doi/10.1162/003355303322552810&rft.pub=MIT%20Press&rft.place=CARY&rft.stitle=The%20Quarterly%20Journal%20of%20Economics&rft_id=info:bibcode/&rft_id=info:hdl/&rft_id=info:lccn/&rft_id=info:oclcnum/&rft_id=info:pmid/&rft_id=info:eric/&rft_dat=%3Cgale_proqu%3EA121459870%3C/gale_proqu%3E%3Curl%3E%3C/url%3E,language=eng,view=44YORK-NUI&svc_dat=viewit&req.skin=44YORK-NUI&rft_pqid=211005971&rft_galeid=A121459870},
	doi = {10.1162/003355303322552810},
	pages = {1335--1374},
	number = {4},
	journaltitle = {The Quarterly journal of economics},
	author = {Borjas, George J.},
	date = {2003},
	note = {Place: {CARY}
Publisher: {MIT} Press},
}

@article{dustmann_impact_2005,
	title = {The Impact of Immigration on the British Labour Market},
	url = {https://onlinelibrary.wiley.com/doi/10.1111/j.1468-0297.2005.01038.x},
	pages = {F324--F341},
	number = {507},
	journaltitle = {The Economic Journal},
	author = {Dustmann, Fabbri {\textbackslash}\& Preston.},
	date = {2005},
}

@article{dustmann_fiscal_2014,
	title = {The Fiscal Effects of Immigration to the {UK}},
	issn = {00130133},
	url = {https://eu.alma.exlibrisgroup.com/view/uresolver/44YORK_INST/openurl?ctx_enc=info:ofi/enc:UTF-8&ctx_id=10_1&ctx_tim=2024-02-22T18%3A09%3A45IST&ctx_ver=Z39.88-2004&url_ctx_fmt=info:ofi/fmt:kev:mtx:ctx&url_ver=Z39.88-2004&rfr_id=info:sid/primo.exlibrisgroup.com-gale_proqu&rft_val_fmt=info:ofi/fmt:kev:mtx:journal&rft.genre=article&rft.atitle=The%20Fiscal%20Effects%20of%20Immigration%20to%20the%20UK&rft.jtitle=The%20Economic%20journal%20(London)&rft.au=Dustmann,%20Christian&rft.date=2014-11&rft.volume=124&rft.issue=580&rft.spage=F593&rft.epage=F643&rft.pages=F593-F643&rft.issn=0013-0133&rft.eissn=1468-0297&rft.coden=ECJOAB&rft_id=info:doi/10.1111/ecoj.12181&rft.pub=Blackwell%20Publishing%20Ltd&rft.place=OXFORD&rft.stitle=ECON%20J&rft_id=info:bibcode/&rft_id=info:hdl/&rft_id=info:lccn/&rft_id=info:oclcnum/&rft_id=info:pmid/&rft_id=info:eric/&rft_dat=%3Cgale_proqu%3EA437197751%3C/gale_proqu%3E%3Curl%3E%3C/url%3E,language=eng,view=44YORK-NUI&svc_dat=viewit&req.skin=44YORK-NUI&rft_pqid=1621822480&rft_galeid=A437197751},
	doi = {10.1111/ecoj.12181},
	pages = {F593--F643},
	number = {580},
	journaltitle = {The Economic journal (London)},
	author = {Dustmann, Christian and Frattini, Tommaso},
	date = {2014},
	note = {Place: {OXFORD}
Publisher: Blackwell Publishing Ltd},
}

@article{dustmann_labour_2008,
	title = {The labour market impact of immigration},
	issn = {0266903X},
	url = {https://eu.alma.exlibrisgroup.com/view/uresolver/44YORK_INST/openurl?ctx_enc=info:ofi/enc:UTF-8&ctx_id=10_1&ctx_tim=2024-02-22T18%3A10%3A06IST&ctx_ver=Z39.88-2004&url_ctx_fmt=info:ofi/fmt:kev:mtx:ctx&url_ver=Z39.88-2004&rfr_id=info:sid/primo.exlibrisgroup.com-gale_webof&rft_val_fmt=info:ofi/fmt:kev:mtx:journal&rft.genre=article&rft.atitle=The%20labour%20market%20impact%20of%20immigration&rft.jtitle=Oxford%20review%20of%20economic%20policy&rft.au=Dustmann,%20Christian&rft.date=2008-10-01&rft.volume=24&rft.issue=3&rft.spage=477&rft.epage=494&rft.pages=477-494&rft.issn=0266-903X&rft.eissn=1460-2121&rft_id=info:doi/10.1093/oxrep/grn024&rft.pub=Oxford%20University%20Press&rft.place=OXFORD&rft.stitle=Ecopol&rft_id=info:bibcode/&rft_id=info:hdl/&rft_id=info:lccn/&rft_id=info:oclcnum/&rft_id=info:pmid/&rft_id=info:eric/&rft_dat=%3Cgale_webof%3EA195118520%3C/gale_webof%3E%3Curl%3E%3C/url%3E,language=eng,view=44YORK-NUI&svc_dat=viewit&req.skin=44YORK-NUI&rft_pqid=202937373&rft_galeid=A195118520},
	doi = {10.1093/oxrep/grn024},
	pages = {477--494},
	number = {3},
	journaltitle = {Oxford review of economic policy},
	author = {Dustmann, Christian and Glitz, Albrecht and Frattini, Tommaso},
	date = {2008},
	note = {Place: {OXFORD}
Publisher: Oxford University Press},
}

@article{east_unintended_2024,
	title = {Unintended Consequences of Immigration Enforcement: Household Services and High-Educated Mothers' Work},
	issn = {0022166X},
	url = {https://eu.alma.exlibrisgroup.com/view/uresolver/44YORK_INST/openurl?ctx_enc=info:ofi/enc:UTF-8&ctx_id=10_1&ctx_tim=2025-03-03+13:03:58&ctx_ver=Z39.88-2004&url_ctx_fmt=info:ofi/fmt:kev:mtx:ctx&url_ver=Z39.88-2004&rfr_id=info:sid/primo.exlibrisgroup.com-proquest_proje&rft_val_fmt=info:ofi/fmt:kev:mtx:journal&rft.genre=article&rft.atitle=Unintended+Consequences+of+Immigration+Enforcement%3A+Household+Services+and+High-Educated+Mothers%27+Work&rft.jtitle=The+Journal+of+human+resources&rft.au=East%2C+Chloe+N&rft.date=2024-09-01&rft.volume=59&rft.issue=5&rft.spage=1458&rft.epage=1502&rft.pages=1458-1502&rft.issn=0022-166X&rft.eissn=1548-8004&rft_id=info:doi/10.3368%2Fjhr.0920-11197R1&rft.pub=University+of+Wisconsin+Press&rft.place=Madison&rft_dat=3111673173&svc_dat=viewit&rft_pqid=3111673173},
	doi = {10.3368/jhr.0920-11197R1},
	pages = {1458--1502},
	number = {5},
	journaltitle = {The Journal of human resources},
	author = {East, Chloe N and Velásquez, Andrea},
	date = {2024},
	note = {Place: Madison
Publisher: University of Wisconsin Press},
}

@article{manacorda_impact_2012,
	title = {The impact of immigration on the structure of wages: Theory and evidence from Britain},
	issn = {15424766},
	url = {https://eu.alma.exlibrisgroup.com/view/uresolver/44YORK_INST/openurl?ctx_enc=info:ofi/enc:UTF-8&ctx_id=10_1&ctx_tim=2024-02-22T18%3A10%3A35IST&ctx_ver=Z39.88-2004&url_ctx_fmt=info:ofi/fmt:kev:mtx:ctx&url_ver=Z39.88-2004&rfr_id=info:sid/primo.exlibrisgroup.com-jstor_dipf_&rft_val_fmt=info:ofi/fmt:kev:mtx:journal&rft.genre=article&rft.atitle=The%20impact%20of%20immigration%20on%20the%20structure%20of%20wages:%20Theory%20and%20evidence%20from%20Britain&rft.jtitle=Journal%20of%20the%20European%20Economic%20Association&rft.au=Manacorda,%20Marco&rft.date=2012-02&rft.volume=10&rft.issue=1&rft.spage=120&rft.epage=151&rft.pages=120-151&rft.issn=1542-4766&rft.eissn=1542-4774&rft_id=info:doi/10.1111/j.1542-4774.2011.01049.x&rft.pub=Wiley-Blackwell&rft.place=Malden,%20USA&rft.stitle=J%20EUR%20ECON%20ASSOC&rft_id=info:bibcode/&rft_id=info:hdl/&rft_id=info:lccn/&rft_id=info:oclcnum/&rft_id=info:pmid/&rft_id=info:eric/&rft_dat=%3Cjstor_dipf_%3E41426726%3C/jstor_dipf_%3E%3Curl%3E%3C/url%3E,language=eng,view=44YORK-NUI&svc_dat=viewit&req.skin=44YORK-NUI&rft_pqid=920254954},
	doi = {10.1111/j.1542-4774.2011.01049.x},
	pages = {120--151},
	number = {1},
	journaltitle = {Journal of the European Economic Association},
	author = {Manacorda, Marco and Manning, Alan and Wadsworth, Jonathan},
	date = {2012},
	note = {Place: Malden, {USA}
Publisher: Wiley-Blackwell},
}

@article{goldner_age_2014,
	title = {Age at immigration and high school dropouts},
	issn = {21939039},
	url = {https://eu.alma.exlibrisgroup.com/view/uresolver/44YORK_INST/openurl?ctx_enc=info:ofi/enc:UTF-8&ctx_id=10_1&ctx_tim=2024-02-22T18%3A10%3A57IST&ctx_ver=Z39.88-2004&url_ctx_fmt=info:ofi/fmt:kev:mtx:ctx&url_ver=Z39.88-2004&rfr_id=info:sid/primo.exlibrisgroup.com-proquest_scopu&rft_val_fmt=info:ofi/fmt:kev:mtx:journal&rft.genre=article&rft.atitle=Age%20at%20immigration%20and%20high%20school%20dropouts&rft.jtitle=IZA%20journal%20of%20migration&rft.au=Goldner,%20Sarit%20Cohen&rft.date=2014-01-01&rft.volume=3&rft.issue=1&rft.spage=1&rft.epage=20&rft.pages=1-20&rft.artnum=19&rft.issn=2193-9039&rft.eissn=2193-9039&rft_id=info:doi/10.1186/s40176-014-0019-2&rft.pub=Springer&rft.place=Heidelberg&rft.stitle=IZA%20J%20Migration&rft_id=info:bibcode/&rft_id=info:hdl/&rft_id=info:lccn/&rft_id=info:oclcnum/&rft_id=info:pmid/&rft_id=info:eric/&rft_dat=%3Cproquest_scopu%3E1650524383%3C/proquest_scopu%3E%3Curl%3E%3C/url%3E,language=eng,view=44YORK-NUI&svc_dat=viewit&req.skin=44YORK-NUI&rft_pqid=1650524383},
	doi = {10.1186/s40176-014-0019-2},
	pages = {1--20},
	number = {1},
	journaltitle = {{IZA} journal of migration},
	author = {Goldner, Sarit Cohen and Epstein, Gil S},
	date = {2014},
	note = {Place: Heidelberg
Publisher: Springer},
}

@online{noauthor_how_0000,
	title = {How will coronavirus and the recession affect {UK} immigration?},
	url = {https://www.economicsobservatory.com/how-will-coronavirus-and-recession-affect-uk-immigration},
	date = {0000},
	note = {Publisher: Economics Observatory},
}

@article{east_labor_2023,
	title = {The Labor Market Effects of Immigration Enforcement},
	issn = {0734306X},
	url = {https://eu.alma.exlibrisgroup.com/view/uresolver/44YORK_INST/openurl?ctx_enc=info:ofi/enc:UTF-8&ctx_id=10_1&ctx_tim=2025-03-03+13:04:57&ctx_ver=Z39.88-2004&url_ctx_fmt=info:ofi/fmt:kev:mtx:ctx&url_ver=Z39.88-2004&rfr_id=info:sid/primo.exlibrisgroup.com-proquest_cross&rft_val_fmt=info:ofi/fmt:kev:mtx:journal&rft.genre=article&rft.atitle=The+Labor+Market+Effects+of+Immigration+Enforcement&rft.jtitle=Journal+of+labor+economics&rft.au=East%2C+Chloe+N.&rft.date=2023-10-01&rft.volume=41&rft.issue=4&rft.spage=957&rft.epage=996&rft.pages=957-996&rft.issn=0734-306X&rft.eissn=1537-5307&rft_id=info:doi/10.1086%2F721152&rft.pub=The+University+of+Chicago+Press&rft.place=CHICAGO&rft.stitle=J+LABOR+ECON&rft_dat=2872937741&svc_dat=viewit&rft_pqid=2872937741},
	doi = {10.1086/721152},
	pages = {957--996},
	number = {4},
	journaltitle = {Journal of labor economics},
	author = {East, Chloe N. and Hines, Annie L. and Luck, Philip and Mansour, Hani and Velásquez, Andrea},
	date = {2023},
	note = {Place: {CHICAGO}
Publisher: The University of Chicago Press},
}

@online{noauthor_will_0000,
	title = {Will government measures protect the most vulnerable in society?},
	url = {https://www.economicsobservatory.com/will-government-measures-protect-most-vulnerable-society},
	date = {0000},
	note = {Publisher: Economics Observatory},
}